<?xml version="1.0" encoding="UTF-8"?><collection xmlns="http://www.loc.gov/MARC21/slim"><record><leader>00365nam--2200133-i-4500</leader><controlfield tag="001">000002238</controlfield><controlfield tag="002">20161230</controlfield><controlfield tag="005">20161230201024</controlfield><controlfield tag="008">060222s1000------------r-----000-0-eng-d</controlfield><datafield ind1=" " ind2=" " tag="080"><subfield code="a">530.1(075.8)</subfield></datafield><datafield ind1=" " ind2=" " tag="245"><subfield code="a">Problems in theoretical physics.translated from the russian</subfield></datafield><datafield ind1=" " ind2=" " tag="260"><subfield code="a">Moscow, Mir Publishers, 1977. 447p</subfield></datafield><datafield ind1=" " ind2=" " tag="700"><subfield code="a">Grechko, L. G., /S.A.</subfield></datafield><datafield ind1=" " ind2=" " tag="852"><subfield code="a">44218</subfield></datafield></record></collection>